%YAML 1.1
%TAG !u! tag:unity3d.com,2011:
--- !u!1 &3009835706174176220
GameObject:
  m_ObjectHideFlags: 0
  m_CorrespondingSourceObject: {fileID: 0}
  m_PrefabInstance: {fileID: 0}
  m_PrefabAsset: {fileID: 0}
  serializedVersion: 6
  m_Component:
  - component: {fileID: 3009835706174176222}
  - component: {fileID: 3009835706174176223}
  - component: {fileID: 3009835706174176225}
  - component: {fileID: 3009835706174176224}
  m_Layer: 0
  m_Name: GiveAbilityTile
  m_TagString: Untagged
  m_Icon: {fileID: 0}
  m_NavMeshLayer: 0
  m_StaticEditorFlags: 0
  m_IsActive: 1
--- !u!4 &3009835706174176222
Transform:
  m_ObjectHideFlags: 0
  m_CorrespondingSourceObject: {fileID: 0}
  m_PrefabInstance: {fileID: 0}
  m_PrefabAsset: {fileID: 0}
  m_GameObject: {fileID: 3009835706174176220}
  m_LocalRotation: {x: 0, y: 0, z: 0.38268343, w: 0.92387956}
  m_LocalPosition: {x: 0, y: -9.403078, z: 0}
  m_LocalScale: {x: 0.5578309, y: 0.5578309, z: 0.5578309}
  m_Children:
  - {fileID: 5875031581037105519}
  m_Father: {fileID: 0}
  m_RootOrder: 0
  m_LocalEulerAnglesHint: {x: 0, y: 0, z: 45}
--- !u!212 &3009835706174176223
SpriteRenderer:
  m_ObjectHideFlags: 0
  m_CorrespondingSourceObject: {fileID: 0}
  m_PrefabInstance: {fileID: 0}
  m_PrefabAsset: {fileID: 0}
  m_GameObject: {fileID: 3009835706174176220}
  m_Enabled: 1
  m_CastShadows: 0
  m_ReceiveShadows: 0
  m_DynamicOccludee: 1
  m_MotionVectors: 1
  m_LightProbeUsage: 1
  m_ReflectionProbeUsage: 1
  m_RayTracingMode: 0
  m_RenderingLayerMask: 1
  m_RendererPriority: 0
  m_Materials:
  - {fileID: 10754, guid: 0000000000000000f000000000000000, type: 0}
  m_StaticBatchInfo:
    firstSubMesh: 0
    subMeshCount: 0
  m_StaticBatchRoot: {fileID: 0}
  m_ProbeAnchor: {fileID: 0}
  m_LightProbeVolumeOverride: {fileID: 0}
  m_ScaleInLightmap: 1
  m_ReceiveGI: 1
  m_PreserveUVs: 0
  m_IgnoreNormalsForChartDetection: 0
  m_ImportantGI: 0
  m_StitchLightmapSeams: 1
  m_SelectedEditorRenderState: 0
  m_MinimumChartSize: 4
  m_AutoUVMaxDistance: 0.5
  m_AutoUVMaxAngle: 89
  m_LightmapParameters: {fileID: 0}
  m_SortingLayerID: 0
  m_SortingLayer: 0
  m_SortingOrder: 0
  m_Sprite: {fileID: 21300000, guid: c7202b82c3699f142be89ae3ca698da9, type: 3}
  m_Color: {r: 0.3003738, g: 0.8264131, b: 0.8490566, a: 1}
  m_FlipX: 0
  m_FlipY: 0
  m_DrawMode: 0
  m_Size: {x: 1, y: 1}
  m_AdaptiveModeThreshold: 0.5
  m_SpriteTileMode: 0
  m_WasSpriteAssigned: 1
  m_MaskInteraction: 0
  m_SpriteSortPoint: 0
--- !u!61 &3009835706174176225
BoxCollider2D:
  m_ObjectHideFlags: 0
  m_CorrespondingSourceObject: {fileID: 0}
  m_PrefabInstance: {fileID: 0}
  m_PrefabAsset: {fileID: 0}
  m_GameObject: {fileID: 3009835706174176220}
  m_Enabled: 1
  m_Density: 1
  m_Material: {fileID: 0}
  m_IsTrigger: 1
  m_UsedByEffector: 0
  m_UsedByComposite: 0
  m_Offset: {x: -0.12787879, y: -0.11267662}
  m_SpriteTilingProperty:
    border: {x: 0, y: 0, z: 0, w: 0}
    pivot: {x: 0.5, y: 0.5}
    oldSize: {x: 1, y: 1}
    newSize: {x: 1, y: 1}
    adaptiveTilingThreshold: 0.5
    drawMode: 0
    adaptiveTiling: 0
  m_AutoTiling: 0
  serializedVersion: 2
  m_Size: {x: 3.0490043, y: 3.0712223}
  m_EdgeRadius: 0
--- !u!114 &3009835706174176224
MonoBehaviour:
  m_ObjectHideFlags: 0
  m_CorrespondingSourceObject: {fileID: 0}
  m_PrefabInstance: {fileID: 0}
  m_PrefabAsset: {fileID: 0}
  m_GameObject: {fileID: 3009835706174176220}
  m_Enabled: 1
  m_EditorHideFlags: 0
  m_Script: {fileID: 11500000, guid: a12013694706e524b86dd74e9733988e, type: 3}
  m_Name: 
  m_EditorClassIdentifier: 
  Instrucao: {fileID: 5875031581037105518}
  abilitiesSO: {fileID: 11400000, guid: 1740001944ba9724dae95627d4b634ef, type: 2}
  abilityToGive: 1
--- !u!1001 &3576246113479983404
PrefabInstance:
  m_ObjectHideFlags: 0
  serializedVersion: 2
  m_Modification:
    m_TransformParent: {fileID: 3009835706174176222}
    m_Modifications:
    - target: {fileID: 479461029303024363, guid: b8e989309c3eb50449619bf25287362e,
        type: 3}
      propertyPath: m_AnchorMin.y
      value: 1
      objectReference: {fileID: 0}
    - target: {fileID: 479461029303024363, guid: b8e989309c3eb50449619bf25287362e,
        type: 3}
      propertyPath: m_AnchorMax.y
      value: 1
      objectReference: {fileID: 0}
    - target: {fileID: 479461029303024363, guid: b8e989309c3eb50449619bf25287362e,
        type: 3}
      propertyPath: m_AnchoredPosition.x
      value: 1
      objectReference: {fileID: 0}
    - target: {fileID: 479461029303024363, guid: b8e989309c3eb50449619bf25287362e,
        type: 3}
      propertyPath: m_AnchoredPosition.y
      value: -1
      objectReference: {fileID: 0}
    - target: {fileID: 4545447089343837571, guid: b8e989309c3eb50449619bf25287362e,
        type: 3}
      propertyPath: m_SizeDelta.x
      value: 2
      objectReference: {fileID: 0}
    - target: {fileID: 4545447089343837571, guid: b8e989309c3eb50449619bf25287362e,
        type: 3}
      propertyPath: m_SizeDelta.y
      value: 2
      objectReference: {fileID: 0}
    - target: {fileID: 5708680770657262916, guid: b8e989309c3eb50449619bf25287362e,
        type: 3}
      propertyPath: m_Mesh
      value: 
      objectReference: {fileID: 0}
    - target: {fileID: 6929121161698840636, guid: b8e989309c3eb50449619bf25287362e,
        type: 3}
      propertyPath: m_Text
      value: Aperte 'F' para desbloquear nova habilidade
      objectReference: {fileID: 0}
    - target: {fileID: 6929121161698840642, guid: b8e989309c3eb50449619bf25287362e,
        type: 3}
      propertyPath: m_Name
      value: PressToUse
      objectReference: {fileID: 0}
    - target: {fileID: 6929121161698840642, guid: b8e989309c3eb50449619bf25287362e,
        type: 3}
      propertyPath: m_IsActive
      value: 0
      objectReference: {fileID: 0}
    - target: {fileID: 6929121161698840643, guid: b8e989309c3eb50449619bf25287362e,
        type: 3}
      propertyPath: m_LocalPosition.x
      value: 0.88
      objectReference: {fileID: 0}
    - target: {fileID: 6929121161698840643, guid: b8e989309c3eb50449619bf25287362e,
        type: 3}
      propertyPath: m_LocalPosition.y
      value: 0.85
      objectReference: {fileID: 0}
    - target: {fileID: 6929121161698840643, guid: b8e989309c3eb50449619bf25287362e,
        type: 3}
      propertyPath: m_LocalPosition.z
      value: 0
      objectReference: {fileID: 0}
    - target: {fileID: 6929121161698840643, guid: b8e989309c3eb50449619bf25287362e,
        type: 3}
      propertyPath: m_LocalRotation.x
      value: 0
      objectReference: {fileID: 0}
    - target: {fileID: 6929121161698840643, guid: b8e989309c3eb50449619bf25287362e,
        type: 3}
      propertyPath: m_LocalRotation.y
      value: 0
      objectReference: {fileID: 0}
    - target: {fileID: 6929121161698840643, guid: b8e989309c3eb50449619bf25287362e,
        type: 3}
      propertyPath: m_LocalRotation.z
      value: -0.38268343
      objectReference: {fileID: 0}
    - target: {fileID: 6929121161698840643, guid: b8e989309c3eb50449619bf25287362e,
        type: 3}
      propertyPath: m_LocalRotation.w
      value: 0.92387956
      objectReference: {fileID: 0}
    - target: {fileID: 6929121161698840643, guid: b8e989309c3eb50449619bf25287362e,
        type: 3}
      propertyPath: m_RootOrder
      value: 0
      objectReference: {fileID: 0}
    - target: {fileID: 6929121161698840643, guid: b8e989309c3eb50449619bf25287362e,
        type: 3}
      propertyPath: m_LocalEulerAnglesHint.x
      value: 0
      objectReference: {fileID: 0}
    - target: {fileID: 6929121161698840643, guid: b8e989309c3eb50449619bf25287362e,
        type: 3}
      propertyPath: m_LocalEulerAnglesHint.y
      value: 0
      objectReference: {fileID: 0}
    - target: {fileID: 6929121161698840643, guid: b8e989309c3eb50449619bf25287362e,
        type: 3}
      propertyPath: m_LocalEulerAnglesHint.z
      value: -45
      objectReference: {fileID: 0}
    - target: {fileID: 6929121161698840643, guid: b8e989309c3eb50449619bf25287362e,
        type: 3}
      propertyPath: m_LocalScale.y
      value: 0.15
      objectReference: {fileID: 0}
    - target: {fileID: 6929121161698840643, guid: b8e989309c3eb50449619bf25287362e,
        type: 3}
      propertyPath: m_LocalScale.x
      value: 0.15
      objectReference: {fileID: 0}
    - target: {fileID: 6929121161698840643, guid: b8e989309c3eb50449619bf25287362e,
        type: 3}
      propertyPath: m_LocalScale.z
      value: 0.08912795
      objectReference: {fileID: 0}
    - target: {fileID: 6929121163676017644, guid: b8e989309c3eb50449619bf25287362e,
        type: 3}
      propertyPath: m_LocalPosition.x
      value: 0.22
      objectReference: {fileID: 0}
    - target: {fileID: 6929121163676017644, guid: b8e989309c3eb50449619bf25287362e,
        type: 3}
      propertyPath: m_LocalScale.x
      value: 90.052315
      objectReference: {fileID: 0}
    - target: {fileID: 6929121163676017644, guid: b8e989309c3eb50449619bf25287362e,
        type: 3}
      propertyPath: m_LocalPosition.y
      value: 0.12
      objectReference: {fileID: 0}
    - target: {fileID: 7881975743852136229, guid: b8e989309c3eb50449619bf25287362e,
        type: 3}
      propertyPath: portuguese
      value: Aperte 'F' para desbloquear nova habilidade
      objectReference: {fileID: 0}
    - target: {fileID: 7881975743852136229, guid: b8e989309c3eb50449619bf25287362e,
        type: 3}
      propertyPath: english
      value: Press 'F' to unlock new ability
      objectReference: {fileID: 0}
    m_RemovedComponents: []
  m_SourcePrefab: {fileID: 100100000, guid: b8e989309c3eb50449619bf25287362e, type: 3}
--- !u!1 &5875031581037105518 stripped
GameObject:
  m_CorrespondingSourceObject: {fileID: 6929121161698840642, guid: b8e989309c3eb50449619bf25287362e,
    type: 3}
  m_PrefabInstance: {fileID: 3576246113479983404}
  m_PrefabAsset: {fileID: 0}
--- !u!4 &5875031581037105519 stripped
Transform:
  m_CorrespondingSourceObject: {fileID: 6929121161698840643, guid: b8e989309c3eb50449619bf25287362e,
    type: 3}
  m_PrefabInstance: {fileID: 3576246113479983404}
  m_PrefabAsset: {fileID: 0}
